@article{Limp2004,
abstract = {Title from title screen (viewed Sept. 7, 2005).},
author = {Hawkins, William H.},
issn = {1937-4771},
journal = {Journal of Computing Sciences in Colleges},
number = {3},
pages = {96--109},
publisher = {Consortium for Computing Sciences in Colleges},
title = {{LIMP: an interpreted programming language for students, professors and programmers}},
url = {https://dl-acm-org.proxy01.its.virginia.edu/citation.cfm?id=948844},
volume = {19},
year = {2004}
}
@article{Mohan2010,
author = {Mohan, Sibin and Mueller, Frank and Root, Michael and Hawkins, William H. and Healy, Christopher and Whalley, David and Vivancos, Emilio},
doi = {10.1145/1880050.1880061},
issn = {15399087},
journal = {ACM Transactions on Embedded Computing Systems},
keywords = {Real-time systems,dynamic voltage scaling,timing analysis,worst-case execution time},
month = {dec},
number = {2},
pages = {1--34},
publisher = {ACM},
title = {{Parametric timing analysis and its application to dynamic voltage scaling}},
url = {http://portal.acm.org/citation.cfm?doid=1880050.1880061},
volume = {10},
year = {2010}
}
@inproceedings{Mohan2005,
author = {Mohan, S. and Mueller, F. and Hawkins, William H. and Root, M. and Healy, C. and Whalley, D.},
booktitle = {26th IEEE International Real-Time Systems Symposium (RTSS'05)},
doi = {10.1109/RTSS.2005.33},
isbn = {0-7695-2490-7},
pages = {233--242},
publisher = {IEEE},
title = {{ParaScale: Exploiting Parametric Timing Analysis for Real-Time Schedulers and Dynamic Voltage Scaling}},
url = {http://ieeexplore.ieee.org/document/1563111/},
year = {2005}
}
@inproceedings{Louis2010,
author = {Berger, Louis I. and Ziemba, Paul G. and Hawkins, William H. and Decina, Basil A.},
booktitle = {2010 - MILCOM 2010 MILITARY COMMUNICATIONS CONFERENCE},
doi = {10.1109/MILCOM.2010.5680090},
isbn = {978-1-4244-8178-1},
month = {oct},
pages = {1098--1103},
publisher = {IEEE},
title = {{GDS-B: A protocol to support HAIPE{\textregistered} peer discovery server communication}},
url = {http://ieeexplore.ieee.org/document/5680090/},
year = {2010}
}
@inproceedings{Hawkins,
author = {Hawkins, William H. and Abdelzaher, T.},
booktitle = {26th IEEE International Real-Time Systems Symposium (RTSS'05)},
doi = {10.1109/RTSS.2005.42},
isbn = {0-7695-2490-7},
pages = {75--86},
publisher = {IEEE},
title = {{Towards Feasible Region Calculus: An End-to-End Schedulability Analysis of Real-Time Multistage Execution}},
url = {http://ieeexplore.ieee.org/document/1563097/}
}
@inproceedings{Davidson2016,
author = {Davidson, Jack W. and Hiser, Jason D. and Nguyen-Tuong, Anh and Coleman, Clark L. and Hawkins, William H. and Knight, John C. and Rodes, Benjamin D. and Hocking, Ashlie B.},
booktitle = {2016 46th Annual IEEE/IFIP International Conference on Dependable Systems and Networks Workshop (DSN-W)},
doi = {10.1109/DSN-W.2016.39},
isbn = {978-1-5090-3688-2},
month = {jun},
pages = {234--237},
publisher = {IEEE},
title = {{A System for the Security Protection of Embedded Binary Programs}},
url = {http://ieeexplore.ieee.org/document/7575384/},
year = {2016}
}
@inproceedings{Hiser:Feast,
address = {Dallas, Texas, USA},
author = {Hiser, Jason and Nguyen-Tuong, Anh and Hawkins, William H. and McGill, Matthew and Co, Michele and Davidson, Jack},
booktitle = {Proceedings of the 2nd Workshop on Forming an Ecosystem Around Software Transformation},
title = {{Zipr++: Exceptional binary rewriting}},
year = {2017}
}
@inproceedings{Zipr2017,
author = {Hawkins, William H. and Co, Michele and Hiser, Jason D. and Nguyen-Tuong, Anh and Davidson, Jack W.},
booktitle = {Proceedings of the 47th IEEE/IFIP International Conference on Dependable Systems and Networks},
title = {{Zipr: Efficient static binary rewriting for security}},
year = {2017}
}
@inproceedings{Hawkins2016,
address = {New York, New York, USA},
author = {Hawkins, William H. and Hiser, Jason D. and Davidson, Jack W.},
booktitle = {Proceedings of the 11th Annual Cyber and Information Security Research Conference},
doi = {10.1145/2897795.2897803},
isbn = {9781450337526},
pages = {1--7},
publisher = {ACM Press},
title = {{Dynamic canary randomization for improved software security}},
url = {http://dl.acm.org/citation.cfm?doid=2897795.2897803},
year = {2016}
}
